<record><leader>00000cas a2200000 a 4500</leader><controlfield tag="001">12904804</controlfield><controlfield tag="008">851213d19081956caucr ne      0    0eng c</controlfield><datafield ind1=" " ind2=" " tag="010"><subfield code="a">sn 85066395 </subfield></datafield><datafield ind1=" " ind2=" " tag="040"><subfield code="a">KSH</subfield><subfield code="b">eng</subfield><subfield code="c">KSH</subfield><subfield code="d">NPT</subfield><subfield code="d">CNK</subfield><subfield code="d">NSD</subfield><subfield code="d">CNK</subfield><subfield code="d">NSD</subfield><subfield code="d">OCLCQ</subfield><subfield code="d">CNK</subfield><subfield code="d">OCLCQ</subfield><subfield code="d">OCLCF</subfield><subfield code="d">OCLCO</subfield></datafield><datafield ind1="1" ind2=" " tag="029"><subfield code="a">AU@</subfield><subfield code="b">000024688946</subfield></datafield><datafield ind1=" " ind2=" " tag="042"><subfield code="a">pcc</subfield></datafield><datafield ind1=" " ind2=" " tag="043"><subfield code="a">n-us-ca</subfield></datafield><datafield ind1="0" ind2="0" tag="245"><subfield code="a">Delano record.</subfield></datafield><datafield ind1=" " ind2=" " tag="260"><subfield code="a">Delano, Calif. :</subfield><subfield code="b">W.T. Boone and O.O. Robertson</subfield></datafield><datafield ind1=" " ind2=" " tag="300"><subfield code="a">v.</subfield></datafield><datafield ind1=" " ind2=" " tag="310"><subfield code="a">Semiweekly,</subfield><subfield code="b">Mar. 19, 1946-Nov. 22, 1956</subfield></datafield><datafield ind1=" " ind2=" " tag="321"><subfield code="a">Weekly,</subfield><subfield code="b">Aug. 1, 1908-Mar. 15, 1946</subfield></datafield><datafield ind1="0" ind2=" " tag="362"><subfield code="a">Vol. 1, no. 10 (Aug. 1, 1908)-48th year, no. 94 (Nov. 22, 1956).</subfield></datafield><datafield ind1=" " ind2=" " tag="530"><subfield code="a">Master negatives are available for duplication from:</subfield><subfield code="b">California Newspaper Microfilm Archive;</subfield><subfield code="c">for further information consult the CNMA at:</subfield><subfield code="u">http://cbsr.ucr.edu</subfield></datafield><datafield ind1=" " ind2="0" tag="651"><subfield code="a">Kern County (Calif.)</subfield><subfield code="v">Newspapers.</subfield></datafield><datafield ind1=" " ind2="0" tag="651"><subfield code="a">Tulare County (Calif.)</subfield><subfield code="v">Newspapers.</subfield></datafield><datafield ind1=" " ind2="7" tag="655"><subfield code="a">Newspapers.</subfield><subfield code="2">fast</subfield><subfield code="0">(OCoLC)fst01423814</subfield></datafield><datafield ind1=" " ind2="7" tag="651"><subfield code="a">California</subfield><subfield code="z">Kern County.</subfield><subfield code="2">fast</subfield><subfield code="0">(OCoLC)fst01204038</subfield></datafield><datafield ind1=" " ind2="7" tag="651"><subfield code="a">California</subfield><subfield code="z">Tulare County.</subfield><subfield code="2">fast</subfield><subfield code="0">(OCoLC)fst01213978</subfield></datafield><datafield ind1=" " ind2=" " tag="752"><subfield code="a">United States</subfield><subfield code="b">California</subfield><subfield code="c">Kern</subfield><subfield code="d">Delano.</subfield></datafield><datafield ind1="0" ind2="0" tag="780"><subfield code="t">Delano holograph</subfield><subfield code="w">(DLC)sn 95061898</subfield></datafield><datafield ind1="0" ind2="7" tag="785"><subfield code="t">News of Delano</subfield><subfield code="w">(DLC)sn 95062032</subfield></datafield><datafield ind1="0" ind2="7" tag="785"><subfield code="t">Delano record and news of Delano</subfield><subfield code="w">(DLC)sn 95061906</subfield></datafield></record>